<?xml version="1.0" encoding="UTF-8"?><collection xmlns="http://www.loc.gov/MARC21/slim"><record><leader>00339nam--2200121-i-4500</leader><controlfield tag="001">000024224</controlfield><controlfield tag="002">20161230</controlfield><controlfield tag="005">20161230201035</controlfield><controlfield tag="008">060222s1000------------r-----000-0-eng-d</controlfield><datafield ind1=" " ind2=" " tag="080"><subfield code="a">061.62(520)(047)</subfield></datafield><datafield ind1=" " ind2=" " tag="245"><subfield code="a">Jaeri-japan atomic energy research institute</subfield></datafield><datafield ind1=" " ind2=" " tag="260"><subfield code="a">Tokyo, Japan Atomic Energy Research Institute, 1982, 16 P</subfield></datafield><datafield ind1=" " ind2=" " tag="852"><subfield code="a">70885</subfield></datafield></record></collection>